<?xml version="1.0" encoding="UTF-8"?><collection xmlns="http://www.loc.gov/MARC21/slim"><record><leader>00437nam--2200157-i-4500</leader><controlfield tag="001">000015720</controlfield><controlfield tag="002">20161230</controlfield><controlfield tag="005">20170225103358</controlfield><controlfield tag="008">060222s1000------------r-----000-0-eng-d</controlfield><datafield ind1=" " ind2=" " tag="100"><subfield code="a">Cojocaru, George</subfield></datafield><datafield ind1=" " ind2=" " tag="245"><subfield code="a">Robotii in actiune. Probleme ale sintezei sistemelor de fabricatie flexibila</subfield></datafield><datafield ind1=" " ind2=" " tag="260"><subfield code="a">Timisoara</subfield><subfield code="b">Editura Facla</subfield><subfield code="c">1986</subfield></datafield><datafield ind1=" " ind2=" " tag="300"><subfield code="a">203 p</subfield></datafield><datafield ind1=" " ind2=" " tag="700"><subfield code="a">Kovacs, Francisc</subfield></datafield><datafield ind1=" " ind2=" " tag="852"><subfield code="a">681.5</subfield></datafield><datafield ind1=" " ind2=" " tag="CAT"><subfield code="a">SYS</subfield><subfield code="c">20170225</subfield><subfield code="h">103358</subfield></datafield></record></collection>